@STRING{DAC = { Proceedings of Design Automation Conference (DAC)}}
@STRING{DAC_SHORT  = { Proc. of DAC}}

@STRING{DATE = "Proceedings of the Design, Automation and Test in Europe (DATE)"}
@STRING{DATE_SHORT = { Proc. of DATE}}

@STRING{SCOPES  = { Proceedings of International Workshop on Software and Compilers for Embedded Systems (SCOPES)}}
@STRING{ESTIMEDIA  = { Proc. of ESTIMEDIA}}

@STRING{CODES = { Proceedings of the International Conference on Hardware/Software Codesign and System Synthesis (CODES+ISSS)}}
@STRING{CODES_SHORT = { Proc. of CODES}}

@STRING{ISSOC = "Proceedings of International Symposium on System-on-Chip (ISSOC)"}
@STRING{ISSOC_SHORT = { Proc. of ISSOC}}

@STRING{ICCAD = "Proceedings of the International Conference on Computer-Aided Design (ICCAD)"}
@STRING{ICCAD_SHORT = { Proc. of ICCAD}}

@STRING{GECCO = {Proceedings of Genetic and Evolutionary Computing Conference (GECCO)}}
@STRING{GECCO_SHORT = {Proc. of GECCO}}

@STRING{TECS_SHORT = {ACM Trans. Embedded Comput. Syst.}}
@STRING{TECS = {ACM Transactions on Embedded Computing Systems}}

@STRING{TODAES_SHORT = {ACM Trans. Des. Autom. Electron. Syst.}}
@STRING{TODAES = {ACM Transactions on Design Automation of Electronic Systems (TODAES)}}

@STRING{TCAD = "IEEE Transactions on Computer-Aided Design of Integrated Circuits and Systems"}
@STRING{TCAD_SHORT = "IEEE Trans. Comput.-Aided Design Integr. Circuits Syst."}

@STRING{JES        = "International Journal of Embedded Systems"}
@STRING{JES_SHORT             = "Int. J. of Embedded Syst."}

@STRING{JSPS       = "Journal of Signal Processing Systems"}
@STRING{JSPS_SHORT            = "J. of Signal Processing Sys."}

@STRING{EUROMICRO  = "Proceedings of Euromicro Conference on Software Engineering and Advanced Applications"}
@STRING{EUROMICRO_SHORT       = "Proc. of EUROMICRO"}

@STRING{ACSD       = "Proceedings of International Conference on Application of Concurrency to System Design (ACSD)"}
@STRING{ACSD_SHORT            = "Procs. of ACSD"}

@STRING{TRANSCOMP  = "IEEE Transactions on Computers"}
@STRING{TRANSCOMP_SHORT       = "IEEE Transactions on Computers"}

@STRING{ICCD       = "Proceedings of IEEE International Conference on Computer Design"}
@STRING{ICCD_SHORT            = "Procs. of ICCD"}

@STRING{JDAES      = "Design Automation for Embedded Systems"}
@STRING{JDAES_SHORT           = "Des. Autom. for Embedded Syst."}

@STRING{CEC        = "Proceedings of IEEE Congress on Evolutionary Computation"}
@STRING{CEC_SHORT             = "Proc. of IEEE CEC"}

@STRING{ISCAS      = "Proceedings of IEEE International Symposium on Circuits and Systems"}
@STRING{ISCAS_SHORT           = "Procs. of ISCAS"}

@STRING{EMSOFT     = "Proceedings of ACM International Conference on Embedded Software"}
@STRING{EMSOFT_SHORT     = "Procs. of EMSOFT"}

@STRING{TPDS       = "IEEE Transactions on Parallel and Distributed Systems"}
@STRING{TPDS_SHORT            = "IEEE Tran. on Parallel and Dist. Syst."}

@STRING{ACSSC      = "Proceedings of Asilomar Conference on Signals, Systems and Computers "}
@STRING{ACSSC_SHORT           = "Procs. of ACSSC"}

@STRING{MULTI      = "Proceedings of the ACM International Conference on Multimedia"}
@STRING{MULTI_SHORT           = "Procs. of ACM MULTIMEDIA"}

@STRING{TEC        = "IEEE Transactions on Evolutionary Computation"}
@STRING{TEC_SHORT             = "IEEE Trans. on Evolutionary Comput."}

@article{Raha,
author = {Raha, Arnab and Raghunathan, Vijay},
title = {QLUT: Input-Aware Quantized Table Lookup for Energy-Efficient Approximate Accelerators},
year = {2017},
issue_date = {October 2017},
publisher = {Association for Computing Machinery},
address = {New York, NY, USA},
volume = {16},
number = {5s},
issn = {1539-9087},
url = {https://doi.org/10.1145/3126531},
doi = {10.1145/3126531},
journal = TECS,
month = {sep},
articleno = {130},
numpages = {23},
keywords = {Lookup table, Accelerators, Approximate computing, Low-power design}
}

@inproceedings{GPT3,
author = {Brown, Tom B. and Mann, Benjamin and Ryder, Nick and Subbiah, Melanie and Kaplan, Jared and Dhariwal, Prafulla and Neelakantan, Arvind and Shyam, Pranav and Sastry, Girish and Askell, Amanda and Agarwal, Sandhini and Herbert-Voss, Ariel and Krueger, Gretchen and Henighan, Tom and Child, Rewon and Ramesh, Aditya and Ziegler, Daniel M. and Wu, Jeffrey and Winter, Clemens and Hesse, Christopher and Chen, Mark and Sigler, Eric and Litwin, Mateusz and Gray, Scott and Chess, Benjamin and Clark, Jack and Berner, Christopher and McCandlish, Sam and Radford, Alec and Sutskever, Ilya and Amodei, Dario},
title = {Language Models Are Few-Shot Learners},
year = {2020},
isbn = {9781713829546},
publisher = {Curran Associates Inc.},
address = {Red Hook, NY, USA},
booktitle = {Proceedings of the 34th International Conference on Neural Information Processing Systems},
articleno = {159},
numpages = {25},
location = {Vancouver, BC, Canada},
series = {NIPS'20}
}

@article{Transformers:2022,
author = {Gruetzemacher, Ross and Paradice, David},
title = {Deep Transfer Learning and Beyond: Transformer Language Models in Information Systems Research},
year = {2022},
issue_date = {January 2022},
publisher = {Association for Computing Machinery},
address = {New York, NY, USA},
volume = {54},
number = {10s},
issn = {0360-0300},
url = {https://doi.org/10.1145/3505245},
doi = {10.1145/3505245},
journal = {ACM Comput. Surv.},
month = {sep},
articleno = {204},
numpages = {35},
keywords = {transfer learning, artificial intelligence, Natural language processing, language models, deep learning, text mining}
}

@article{Kong:2022,
author = {Kong, Linghe and Tan, Jinlin and Huang, Junqin and Chen, Guihai and Wang, Shuaitian and Jin, Xi and Zeng, Peng and Khan, Muhammad K. and Das, Sajal K.},
title = {Edge-Computing-Driven Internet of Things: A Survey},
year = {2022},
publisher = {Association for Computing Machinery},
address = {New York, NY, USA},
issn = {0360-0300},
url = {https://doi.org/10.1145/3555308},
doi = {10.1145/3555308},
note = {Just Accepted},
journal = {ACM Comput. Surv.},
month = {aug},
keywords = {Edge computing, Internet of things}
}

@article{Raha:2017,
author = {Raha, Arnab and Raghunathan, Vijay},
title = {QLUT: Input-Aware Quantized Table Lookup for Energy-Efficient Approximate Accelerators},
year = {2017},
issue_date = {October 2017},
publisher = {Association for Computing Machinery},
address = {New York, NY, USA},
volume = {16},
number = {5s},
issn = {1539-9087},
url = {https://doi.org/10.1145/3126531},
doi = {10.1145/3126531},
month = {sep},
articleno = {130},
numpages = {23},
keywords = {Accelerators, Low-power design, Lookup table, Approximate computing}
}

@ARTICLE{Tao:2019,
  author={Yang, Tao and Wei, Yadong and Tu, Zhijun and Zeng, Haolun and Kinsy, Michel A. and Zheng, Nanning and Ren, Pengju},
  journal=TCAD, 
  title={Design Space Exploration of Neural Network Activation Function Circuits}, 
  year={2019},
  volume={38},
  number={10},
  pages={1974-1978},
  doi={10.1109/TCAD.2018.2871198}
  }


@inproceedings{Yu:2022,
author = {Yu, Joonsang and Park, Junki and Park, Seongmin and Kim, Minsoo and Lee, Sihwa and Lee, Dong Hyun and Choi, Jungwook},
title = {NN-LUT: Neural Approximation of Non-Linear Operations for Efficient Transformer Inference},
year = {2022},
isbn = {9781450391429},
publisher = {Association for Computing Machinery},
address = {New York, NY, USA},
url = {https://doi.org/10.1145/3489517.3530505},
doi = {10.1145/3489517.3530505},
booktitle = DAC,
pages = {577â€“582},
numpages = {6},
keywords = {non-linear function, neural network, look-up table, transformer},
location = {San Francisco, California},
series = {DAC '22}
}

@INPROCEEDINGS{Chang:2019,
  author={Chang, Chih-Hsiang and Kao, Hsu-Yu and Huang, Shih-Hsu},
  booktitle={2019 IEEE International Conference on Consumer Electronics - Taiwan (ICCE-TW)}, 
  title={Hardware Implementation for Multiple Activation Functions}, 
  year={2019},
  volume={},
  number={},
  pages={1-2},
  doi={10.1109/ICCE-TW46550.2019.8991981}
}

@article{Pouyanfar:2018,
author = {Pouyanfar, Samira and Sadiq, Saad and Yan, Yilin and Tian, Haiman and Tao, Yudong and Reyes, Maria Presa and Shyu, Mei-Ling and Chen, Shu-Ching and Iyengar, S. S.},
title = {A Survey on Deep Learning: Algorithms, Techniques, and Applications},
year = {2018},
issue_date = {September 2019},
publisher = {Association for Computing Machinery},
address = {New York, NY, USA},
volume = {51},
number = {5},
issn = {0360-0300},
url = {https://doi.org/10.1145/3234150},
doi = {10.1145/3234150},
journal = {ACM Comput. Surv.},
month = {sep},
articleno = {92},
numpages = {36},
keywords = {Deep learning, big data, distributed processing, machine learning, survey, neural networks}
}

@Article{Alom:2019,
AUTHOR = {Alom, Md Zahangir and Taha, Tarek M. and Yakopcic, Chris and Westberg, Stefan and Sidike, Paheding and Nasrin, Mst Shamima and Hasan, Mahmudul and Van Essen, Brian C. and Awwal, Abdul A. S. and Asari, Vijayan K.},
TITLE = {A State-of-the-Art Survey on Deep Learning Theory and Architectures},
JOURNAL = {Electronics},
VOLUME = {8},
YEAR = {2019},
NUMBER = {3},
ARTICLE-NUMBER = {292},
URL = {https://www.mdpi.com/2079-9292/8/3/292},
ISSN = {2079-9292},
DOI = {10.3390/electronics8030292}
}

@article{Dong:2021,
title = {A survey on deep learning and its applications},
journal = {Computer Science Review},
volume = {40},
pages = {100379},
year = {2021},
issn = {1574-0137},
doi = {https://doi.org/10.1016/j.cosrev.2021.100379},
url = {https://www.sciencedirect.com/science/article/pii/S1574013721000198},
author = {Shi Dong and Ping Wang and Khushnood Abbas},
keywords = {Deep learning, Stacked auto encoder, Deep belief networks, Deep Boltzmann machine, Convolutional neural network},
}

@article{Ota:2017,
author = {Ota, Kaoru and Dao, Minh Son and Mezaris, Vasileios and Natale, Francesco G. B. De},
title = {Deep Learning for Mobile Multimedia: A Survey},
year = {2017},
issue_date = {August 2017},
publisher = {Association for Computing Machinery},
address = {New York, NY, USA},
volume = {13},
number = {3s},
issn = {1551-6857},
url = {https://doi.org/10.1145/3092831},
doi = {10.1145/3092831},
journal = {ACM Trans. Multimedia Comput. Commun. Appl.},
month = {jun},
articleno = {34},
numpages = {22},
keywords = {mobile multimedia computing, deep neural networks, Deep learning}
}

@ARTICLE{Lee2009,
  author={Lee, Dong-U and Cheung, Ray C. C. and Luk, Wayne and Villasenor, John D.},
  journal={IEEE Transactions on Very Large Scale Integration (VLSI) Systems}, 
  title={Hierarchical Segmentation for Hardware Function Evaluation}, 
  year={2009},
  volume={17},
  number={1},
  pages={103-116},
  doi={10.1109/TVLSI.2008.2003165}}


@article{Butler2011,
  title = {A fast segmentation algorithm for piecewise polynomial numeric function generators},
  journal = {Journal of Computational and Applied Mathematics},
  volume = {235},
  number = {14},
  pages = {4076-4082},
  year = {2011},
  issn = {0377-0427},
  doi = {https://doi.org/10.1016/j.cam.2011.02.033},
  url = {https://www.sciencedirect.com/science/article/pii/S037704271100121X},
  author = {Jon T. Butler and C.L. Frenzen and Njuguna Macaria and Tsutomu Sasao},
}


@ARTICLE{Caro2011,
  author={De Caro, Davide and Petra, Nicola and Strollo, Antonio G. M.},
  journal={IEEE Transactions on Circuits and Systems II: Express Briefs}, 
  title={Efficient Logarithmic Converters for Digital Signal Processing Applications}, 
  year={2011},
  volume={58},
  number={10},
  pages={667-671},
  doi={10.1109/TCSII.2011.2164159}}


@ARTICLE{Dong2014,
  author={Dong, Hongxi and Wang, Manzhen and Luo, Yuanyong and Zheng, Muhan and An, Mengyu and Ha, Yajun and Pan, Hongbing},
  journal={IEEE Transactions on Very Large Scale Integration (VLSI) Systems}, 
  title={PLAC: Piecewise Linear Approximation Computation for All Nonlinear Unary Functions}, 
  year={2020},
  volume={28},
  number={9},
  pages={2014-2027},
  doi={10.1109/TVLSI.2020.3004602}}

@INPROCEEDINGS{approxLUT,
  author={Tian, Ye and Wang, Ting and Zhang, Qian and Xu, Qiang},
  booktitle={2017 IEEE/ACM International Conference on Computer-Aided Design (ICCAD)}, 
  title={ApproxLUT: A novel approximate lookup table-based accelerator}, 
  year={2017},
  volume={},
  number={},
  pages={438-443},
}

@inproceedings{cordic:1998,
author = {Andraka, Ray},
title = {A Survey of CORDIC Algorithms for FPGA Based Computers},
year = {1998},
isbn = {0897919785},
publisher = {Association for Computing Machinery},
booktitle = {Proceedings of the 1998 ACM/SIGDA Sixth International Symposium on Field Programmable Gate Arrays},
pages = {191â€“200},
numpages = {10},
keywords = {vector magnitude, cosine, polar conversion, sine, CORDIC},
location = {Monterey, California, USA},
series = {FPGA '98}
}

@ARTICLE{cordic:2017,
  author={Chen, Linbin and Han, Jie and Liu, Weiqiang and Lombardi, Fabrizio},
  journal={IEEE Transactions on Multi-Scale Computing Systems},
  title={Algorithm and Design of a Fully Parallel Approximate Coordinate Rotation Digital Computer (CORDIC)},
  year={2017},
  volume={3},
  number={3},
  pages={139-151},}


@INPROCEEDINGS{Shuman:2011,
  author={Shuman, David I and Vandergheynst, Pierre and Frossard, Pascal},
  booktitle={2011 International Conference on Distributed Computing in Sensor Systems and Workshops (DCOSS)}, 
  title={Chebyshev polynomial approximation for distributed signal processing}, 
  year={2011},
  volume={},
  number={},
  pages={1-8},}

@Inbook{Adcock2017,
author="Adcock, Ben
and Brugiapaglia, Simone
and Webster, Clayton G.",
title="Compressed Sensing Approaches for Polynomial Approximation of High-Dimensional Functions",
bookTitle="Compressed Sensing and its Applications: Second International MATHEON Conference 2015",
year="2017",
publisher="Springer International Publishing",
pages="93--124",
isbn="978-3-319-69802-1",
}


@article{luttab,
  title={A Few Results on Table-Based Methods},
  author={Jean-Michel Muller},
  journal={Reliable Computing},
  year={1999},
  volume={5},
  pages={279â€“288}
}



@article{katrina:2017,
	author = {Katrina Eidolon and Greg Oman},
        title = {A {Short}  {Proof} of the {Bolzanoâ€“Weierstrass} {Theorem}},
        journal = {The College Mathematics Journal},
        volume = {48},
        number = {4},
        pages = {288-289},
        year  = {2017},
        publisher = {Taylor \& Francis},
       }

@article{xu2015approximate,            
  title={Approximate computing: A survey},
  author={Xu, Q. and Mytkowicz, T. and Kim, N.},        
  journal="{IEEE Design \& Test}",
  volume={33},
  number={1},  
  pages={8--22},
  year={2015},    
  publisher={IEEE}
}                       
                      
@INPROCEEDINGS{OrshanskySurvey,  
author={J. {Han} and M. {Orshansky}}, 
booktitle={2013 18th IEEE European Test Symposium (ETS)},
title={Approximate computing: An emerging paradigm for energy-efficient design},
year={2013},
volume={},
number={},
pages={1-6},}

@INPROCEEDINGS{adderBecher,
author={A. {Becher} and J. {Echavarria} and D. {Ziener} and S. {Wildermann} and J. {Teich}},
booktitle = {Proceedings of FCCM 2016},
title="{A LUT-Based Approximate Adder}",
year={2016},
volume={},  number={},
pages={27-27},}

@book{MATLAB:2019,
year = {2019},
author = {MATLAB},
title = {version 9.6.0 (R2019a)},
publisher = {The MathWorks Inc.},
address = {Natick, Massachusetts},
}

@book{MATLAB:reference,
year = {2021},
author = {MATLAB},
title = {Optimize Lookup Tables for Memory-Efficiency Programmatically},
publisher = {The MathWorks Inc.},
url = { https://de.mathworks.com/help/fixedpoint/ug/optimize-lookup-tables-for-memory-efficiency-programmatically.html },
}

@book{bramXilinx,
year = {2019},
author = {Xilinx},
title = {7 Series FPGA Memory Resources},
address = {https://www.xilinx.com/},
url={https://www.xilinx.com/support/documentation/user_guides/ug473_7Series_Memory_Resources.pdf}
}

@inproceedings{anytimeBrand,
  title={Anytime instructions for programmable accuracy floating-point arithmetic},
  author={Brand, M. and Witterauf, M. and Hannig, F. and Teich, J.},
  booktitle={Proceedings of ACM Int. Conf. on Comp. Fronts. (CF), 2019},
  pages={215--219},
  year={2019}
} 

@incollection{btt:1998,
AUTHOR = {T. Blickle and J. Teich and L. Thiele},
TITLE = {{System}-{Level} {Synthesis} {Using} {Evolutionary} {Algorithms}},
BOOKTITLE = {Design Automation for Embedded Systems},
PUBLISHER = {Kluwer Academic Publishers},
ADDRESS = {Boston},
EDITOR = {Rajesh Gupta},
SERIES = 3,
PAGES = {23--62},
MONTH = jan,
YEAR = 1998}

@article{10.2307/107508,
 ISSN = {02610523},
 URL = {http://www.jstor.org/stable/107508},
 author = {W. G. Horner},
 journal = {Philosophical Transactions of the Royal Society of London},
 number = {},
 pages = {308--335},
 publisher = {The Royal Society},
 title = {A New Method of Solving Numerical Equations of All Orders, by Continuous Approximation},
 volume = {109},
 year = {1819}
}

@book{10.5555/270146,
author = {Knuth, Donald E.},
title = {The Art of Computer Programming, Volume 2 (3rd Ed.): Seminumerical Algorithms},
year = {1997},
isbn = {0201896842},
publisher = {Addison-Wesley Longman Publishing Co., Inc.},
address = {USA}
}

@ARTICLE{1674900,
  author={Ercegovac},
  journal={IEEE Transactions on Computers},
  title={A General Hardware-Oriented Method for Evaluation of Functions and Computations in a Digital Computer},
  year={1977},
  volume={C-26},
  number={7},
  pages={667-680},
  }

@article{Barrio2003AUR,
  title={A Unified Rounding Error Bound for Polynomial Evaluation},
  author={R. Barrio},
  journal={Advances in Computational Mathematics},
  year={2003},
  volume={19},
  pages={385-399}
}

@INPROCEEDINGS{6552766,
  author={James, Dick},
  booktitle={ASMC 2013 SEMI Advanced Semiconductor Manufacturing Conference},
  title={Recent advances in memory technology},
  year={2013},
  volume={},
  number={},
  pages={386-395},
}

@article{lut_tab,
  title={A Few Results on Table-Based Methods},
  author={Jean-Michel Muller},
  journal={Reliable Computing},
  year={1999},
  volume={5},
  pages={279â€“288}
}
@book{RivlinTheodoreJ1990Cp:f,
series = {Pure and applied mathematics (Wiley)},
publisher = {J. Wiley},
booktitle = {Chebyshev polynomials : from approximation theory to algebra and number theory},
isbn = {0471628964},
year = {1990},
title = {Chebyshev polynomials : from approximation theory to algebra and number theory / Theodore J. Rivlin.},
edition = {2nd ed.},
language = {eng},
address = {New York},
author = {Rivlin, Theodore J},
keywords = {Chebyshev polynomials},
}
@article{Shanks_1993,
 ISSN = {00029890, 19300972},
 URL = {http://www.jstor.org/stable/2312370},
 author = {W. J. LeVeque},
 journal = {The American Mathematical Monthly},
 number = {6},
 pages = {704--704},
 publisher = {Mathematical Association of America},
 reviewed-author = {Daniel Shanks},
 volume = {71},
 year = {1964}
}
@INPROCEEDINGS{465382,
  author={Hassler, H. and Takagi, N.},
  booktitle={Proceedings of the 12th Symposium on Computer Arithmetic},
  title={Function evaluation by table look-up and addition},
  year={1995},
  volume={},
  number={},
  pages={10-16},
  }

@INPROCEEDINGS{465381,
  author={Das Sarma, D. and Matula, D.W.},
  booktitle={Proceedings of the 12th Symposium on Computer Arithmetic}, 
  title={Faithful bipartite ROM reciprocal tables}, 
  year={1995},
  volume={},
  number={},
  pages={17-28},
}

@INPROCEEDINGS{606821,
  author={Schulte, M.J. and Stine, J.E.},
  booktitle={Proceedings IEEE International Conference on Application-Specific Systems, Architectures and Processors}, 
  title={Accurate function approximations by symmetric table lookup and addition}, 
  year={1997},
  volume={},
  number={},
  pages={144-153},
  }

@INPROCEEDINGS{1579942,
  author={Yan Zhang and Mammela, A.},
  booktitle={IEEE Workshop on Signal Processing Systems Design and Implementation, 2005.},
  title={Comparison of look-up table minimization methods for real-time power amplifier simulation},
  year={2005},
  volume={},
  number={},
  pages={629-634},
  }

@INPROCEEDINGS{921786,
  author={Hassani, J.Y. and Kamarei, M.},
  booktitle={ISCAS 2001. The 2001 IEEE International Symposium on Circuits and Systems (Cat. No.01CH37196)},
  title={A flexible method of LUT indexing in digital predistortion linearization of RF power amplifiers},
  year={2001},
  volume={1},
  number={},
  pages={53-56 vol. 1},
}

@ARTICLE{790551,
  author={Cavers, J.K.},
  journal={IEEE Transactions on Vehicular Technology},
  title={Optimum table spacing in predistorting amplifier linearizers},
  year={1999},
  volume={48},
  number={5},
  pages={1699-1705},
}

@book{HCV1999,
publisher = {BirkhÃ¤user, Boston, MA},
booktitle = {Handbook of Complex Variables},
isbn = {978-0-8176-4011-8},
year = {1999},
title = {Chebyshev polynomials : from approximation theory to algebra and number theory / Theodore J. Rivlin.},
edition = {1st ed.},
language = {eng},
author = {Steven G Krantz},
pages={16},
  doi={10.1007/978-1-4612-1588-2}
}
@book{alma991027439229705251,
author = {Davis, Philip J.},
address = {New York},
booktitle = {Interpolation and approximation},
isbn = {0486624951},
keywords = {Approximation theory},
language = {eng},
lccn = {75002568},
publisher = {Dover Publications},
title = {Interpolation and approximation / Philip J. Davis.},
year = {1975},
}

@InProceedings{fixErr,
	author={ Stella
	and Bemporad, Alberto
	and Inverso, Omar
	and Tribastone, Mirco},
	title={Tight Error Analysis in Fixed-Point Arithmetic},
	booktitle={Integrated Formal Methods},
	year={2020},
	publisher={Springer International Publishing},
	address={Cham},
	pages={318-336},
	
	isbn={978-3-030-63461-2}
}
@inproceedings{deepNeural,
	author = {Lin, Darryl D. and Talathi, Sachin S. and Annapureddy, V. Sreekanth},
	title = {Fixed Point Quantization of Deep Convolutional Networks},
	year = {2016},
	publisher = {JMLR.org},
	booktitle = {Proceedings of the 33rd International Conference on International Conference on Machine Learning - Volume 48},
	pages = {2849â€“2858},
	numpages = {10},
	location = {New York, NY, USA},
	series = {ICML'16}
}

@Inbook{Moussa2006,
	author="Moussa, Medhat
	and Areibi, Shawki
	and Nichols, Kristian",
	editor="Omondi, Amos R.
	and Rajapakse, Jagath C.",
	title="On the Arithmetic Precision for Implementing Back-Propagation Networks on FPGA: A Case Study",
	bookTitle="FPGA Implementations of Neural Networks",
	year="2006",
	publisher="Springer US",
	address="Boston, MA",
	pages="37--61",
	isbn="978-0-387-28487-3",
	doi="10.1007/0-387-28487-7_2",
}


@Article{Seo:2020,
AUTHOR = {Seo, Hyoju and Yang, Yoon Seok and Kim, Yongtae},
TITLE = {Design and Analysis of an Approximate Adder with Hybrid Error Reduction},
JOURNAL = {Electronics},
VOLUME = {9},
YEAR = {2020},
NUMBER = {3},
ARTICLE-NUMBER = {471},
ISSN = {2079-9292},
}

@INPROCEEDINGS{Echavarria:2016,
  author={Echavarria, Jorge and Wildermann, Stefan and Becher, Andreas and Teich, JÃ¼rgen and Ziener, Daniel},
  booktitle={Proceedings of Field-Programmable Technology (FPT)},
  title={{FAU}: {Fast} and {Error-optimized} {Approximate} {Adder} {Units} on {LUT-Based} {FPGAs}},
  year={2016},
  volume={},
  number={},
  pages={213-216},
  doi={10.1109/FPT.2016.7929536}}


@article{Mult:2019,
title = {Energy and area efficient imprecise compressors for approximate multiplication at nanoscale},
journal = {International Journal of Electronics and Communications},
volume = {110},
pages = {152859},
year = {2019},
issn = {1434-8411},
author = {Mohammad Ahmadinejad and Mohammad Hossein Moaiyeri and Farnaz Sabetzadeh},
keywords = {Approximate computing, Compressor, Multiplier, FinFET, Energy-efficiency},
}

@ARTICLE{Mult:2015,
  author={Narayanamoorthy, Srinivasan and Moghaddam, Hadi Asghari and Liu, Zhenhong and Park, Taejoon and Kim, Nam Sung},
  journal={IEEE Transactions on Very Large Scale Integration Systems}, 
  title={Energy-Efficient Approximate Multiplication for Digital Signal Processing and Classification Applications}, 
  year={2015},
  volume={23},
  number={6},
  pages={1180-1184},
  doi={10.1109/TVLSI.2014.2333366}}

















